@INPROCEEDINGS{surveyCamMod, 
author={K. Khurshid and R. Mahmood and Q. ul Islam}, 
booktitle={2013 6th International Conference on Recent Advances in Space Technologies (RAST)}, 
title={A survey of camera modules for CubeSats - Design of imaging payload of ICUBE-1}, 
year={2013}, 
pages={875-879}, 
keywords={CMOS image sensors;artificial satellites;space vehicles;CMOS cameras;CubeSats;ICUBE space program;ICUBE-1 attitude control;ICUBE-1 imaging payload design;ICUBE-1 objects;Institute of Space Technology Pakistan cubeSat program;camera module best;camera module survey;camera unit;communication bandwidth limitations;image analysis;image capture;image compression;image retrieval;image storage;international cubeSat program;low power consumption;low resolution camera;low resolution images;resolution earth images;satellite imaging system;CMOS integrated circuits;Cameras;Charge coupled devices;Image resolution;Satellites;Sensors;CMOS and CCD imaging sensors;Imaging subsystem;cubeSat}, 
doi={10.1109/RAST.2013.6581337}, 
month={June},}
@ARTICLE{cmos, 
author={A. El Gamal and H. Eltoukhy}, 
journal={IEEE Circuits and Devices Magazine}, 
title={CMOS image sensors}, 
year={2005}, 
volume={21}, 
number={3}, 
pages={6-20}, 
keywords={CMOS image sensors;technological forecasting;CCDs;CMOS image sensors;analog processing;digital processing;image-sensor operation;performance measures;pixel-level processing;CMOS image sensors;CMOS technology;Circuits;Color;Image converters;Image sensors;Optical arrays;Optical imaging;Pixel;Sensor arrays}, 
doi={10.1109/MCD.2005.1438751}, 
ISSN={8755-3996}, 
month={May},}